<?xml version="1.0" encoding="UTF-8"?><collection xmlns="http://www.loc.gov/MARC21/slim"><record><leader>00478nam--2200181-i-4500</leader><controlfield tag="001">000011461</controlfield><controlfield tag="002">20161230</controlfield><controlfield tag="005">20170210011718</controlfield><controlfield tag="008">060222s1000------------r-----000-0-eng-d</controlfield><datafield ind1=" " ind2=" " tag="080"><subfield code="a">61:621.039.83</subfield></datafield><datafield ind1=" " ind2=" " tag="100"><subfield code="a">Adamski, J. A</subfield></datafield><datafield ind1=" " ind2=" " tag="245"><subfield code="a">Investigation of growth electromagnetic crystals</subfield></datafield><datafield ind1=" " ind2=" " tag="260"><subfield code="a">Bedford, Mass</subfield><subfield code="b">Office Of Aerospace Research</subfield><subfield code="c">1964</subfield></datafield><datafield ind1=" " ind2=" " tag="300"><subfield code="a">VI + 110 p</subfield></datafield><datafield ind1=" " ind2=" " tag="490"><subfield code="a">612 282</subfield></datafield><datafield ind1=" " ind2=" " tag="700"><subfield code="a">Cobb, C. M</subfield></datafield><datafield ind1=" " ind2=" " tag="852"><subfield code="a">42399</subfield></datafield><datafield ind1=" " ind2=" " tag="CAT"><subfield code="a">SYS</subfield><subfield code="c">20170210</subfield><subfield code="h">011718</subfield></datafield></record></collection>